@techreport{gaines1980authentication,
  title={Authentication by keystroke timing: Some preliminary results},
  author={Gaines, R Stockton and Lisowski, William and Press, S James and Shapiro, Norman},
  year={1980},
  institution={DTIC Document}
}
@article{banerjee2012biometric,
  title={Biometric authentication and identification using keystroke dynamics: A survey},
  author={Banerjee, Salil P and Woodard, Damon L},
  journal={Journal of Pattern Recognition Research},
  volume={7},
  number={1},
  pages={116--139},
  year={2012}
}
@article{cho2000web,
  title={Web-based keystroke dynamics identity verification using neural network},
  author={Cho, Sungzoon and Han, Chigeun and Han, Dae Hee and Kim, Hyung-Il},
  journal={Journal of organizational computing and electronic commerce},
  volume={10},
  number={4},
  pages={295--307},
  year={2000},
  publisher={Taylor \& Francis}
}
@article{shanmugapriya2009survey,
  title={A survey of biometric keystroke dynamics: Approaches, security and challenges},
  author={Shanmugapriya, D and Padmavathi, Ganapathi},
  journal={arXiv preprint arXiv:0910.0817},
  year={2009}
}

@article{karnan2011biometric,
  title={Biometric personal authentication using keystroke dynamics: A review},
  author={Karnan, M and Akila, M and Krishnaraj, N},
  journal={Applied Soft Computing},
  volume={11},
  number={2},
  pages={1565--1573},
  year={2011},
  publisher={Elsevier}
}
